<?xml version="1.0" encoding="UTF-8"?><record xmlns="http://www.loc.gov/MARC21/slim" xmlns:cinclude="http://apache.org/cocoon/include/1.0" xmlns:zs="http://www.loc.gov/zing/srw/">
  <leader>00381nz  a2200133n  4500</leader>
  <controlfield tag="001">no2005024961</controlfield>
  <controlfield tag="003">DLC</controlfield>
  <controlfield tag="005">20050316052219.0</controlfield>
  <controlfield tag="008">050315n| acannaabn          |n aaa     c</controlfield>
  <datafield tag="010" ind1=" " ind2=" ">
    <subfield code="a">no2005024961</subfield>
  </datafield>
  <datafield tag="035" ind1=" " ind2=" ">
    <subfield code="a">(OCoLC)oca06584689</subfield>
  </datafield>
  <datafield tag="040" ind1=" " ind2=" ">
    <subfield code="a">NjBlaOCU</subfield>
    <subfield code="b">eng</subfield>
    <subfield code="c">NjBlaOCU</subfield>
  </datafield>
  <datafield tag="100" ind1="1" ind2=" ">
    <subfield code="a">MacAllister, Raymond</subfield>
  </datafield>
  <datafield tag="670" ind1=" " ind2=" ">
    <subfield code="a">EMQs in clinical medicine, 2004:</subfield>
    <subfield code="b">t.p. (Raymond MacAllister; MA, MD, FRCP)</subfield>
  </datafield>
</record>